@article{videoworldsimulators2024,
  title  = {Video generation models as world simulators},
  author = {Tim Brooks and Bill Peebles and Connor Homes and Will DePue and Yufei Guo and Li Jing and David Schnurr and Joe Taylor and Troy Luhman and Eric Luhman and Clarence Wing Yin Ng and Ricky Wang and Aditya Ramesh},
  year   = {2024},
  url    = {https://openai.com/research/video-generation-models-as-world-simulators}
}

@misc{sohldickstein2015deep,
  title         = {Deep Unsupervised Learning using Nonequilibrium Thermodynamics},
  author        = {Jascha Sohl-Dickstein and Eric A. Weiss and Niru Maheswaranathan and Surya Ganguli},
  year          = {2015},
  eprint        = {1503.03585},
  archiveprefix = {arXiv},
  primaryclass  = {cs.LG}
}

@misc{ho2020denoising,
  title         = {Denoising Diffusion Probabilistic Models},
  author        = {Jonathan Ho and Ajay Jain and Pieter Abbeel},
  year          = {2020},
  eprint        = {2006.11239},
  archiveprefix = {arXiv},
  primaryclass  = {cs.LG}
}

@misc{nichol2021improved,
  title         = {Improved Denoising Diffusion Probabilistic Models},
  author        = {Alex Nichol and Prafulla Dhariwal},
  year          = {2021},
  eprint        = {2102.09672},
  archiveprefix = {arXiv},
  primaryclass  = {cs.LG}
}

@misc{dhariwal2021diffusion,
  title         = {Diffusion Models Beat GANs on Image Synthesis},
  author        = {Prafulla Dhariwal and Alex Nichol},
  year          = {2021},
  eprint        = {2105.05233},
  archiveprefix = {arXiv},
  primaryclass  = {cs.LG}
}

@misc{kingma2022autoencoding,
  title         = {Auto-Encoding Variational Bayes},
  author        = {Diederik P Kingma and Max Welling},
  year          = {2022},
  eprint        = {1312.6114},
  archiveprefix = {arXiv},
  primaryclass  = {stat.ML}
}

@misc{song2022denoising,
  title         = {Denoising Diffusion Implicit Models},
  author        = {Jiaming Song and Chenlin Meng and Stefano Ermon},
  year          = {2022},
  eprint        = {2010.02502},
  archiveprefix = {arXiv},
  primaryclass  = {cs.LG}
}

@misc{ronneberger2015unet,
  title         = {U-Net: Convolutional Networks for Biomedical Image Segmentation},
  author        = {Olaf Ronneberger and Philipp Fischer and Thomas Brox},
  year          = {2015},
  eprint        = {1505.04597},
  archiveprefix = {arXiv},
  primaryclass  = {cs.CV}
}

@misc{salimans2017pixelcnn,
  title         = {PixelCNN++: Improving the PixelCNN with Discretized Logistic Mixture Likelihood and Other Modifications},
  author        = {Tim Salimans and Andrej Karpathy and Xi Chen and Diederik P. Kingma},
  year          = {2017},
  eprint        = {1701.05517},
  archiveprefix = {arXiv},
  primaryclass  = {cs.LG}
}

@misc{vaswani2023attention,
  title         = {Attention Is All You Need},
  author        = {Ashish Vaswani and Noam Shazeer and Niki Parmar and Jakob Uszkoreit and Llion Jones and Aidan N. Gomez and Lukasz Kaiser and Illia Polosukhin},
  year          = {2023},
  eprint        = {1706.03762},
  archiveprefix = {arXiv},
  primaryclass  = {cs.CL}
}

@misc{wu2018group,
  title         = {Group Normalization},
  author        = {Yuxin Wu and Kaiming He},
  year          = {2018},
  eprint        = {1803.08494},
  archiveprefix = {arXiv},
  primaryclass  = {cs.CV}
}

@misc{salimans2016weight,
  title         = {Weight Normalization: A Simple Reparameterization to Accelerate Training of Deep Neural Networks},
  author        = {Tim Salimans and Diederik P. Kingma},
  year          = {2016},
  eprint        = {1602.07868},
  archiveprefix = {arXiv},
  primaryclass  = {cs.LG}
}

@misc{zagoruyko2017wide,
  title         = {Wide Residual Networks},
  author        = {Sergey Zagoruyko and Nikos Komodakis},
  year          = {2017},
  eprint        = {1605.07146},
  archiveprefix = {arXiv},
  primaryclass  = {cs.CV}
}

@misc{lai2022rethinking,
  title         = {Rethinking Skip Connections in Encoder-decoder Networks for Monocular Depth Estimation},
  author        = {Zhitong Lai and Haichao Sun and Rui Tian and Nannan Ding and Zhiguo Wu and Yanjie Wang},
  year          = {2022},
  eprint        = {2208.13441},
  archiveprefix = {arXiv},
  primaryclass  = {cs.CV}
}